<record><leader>00000cas a2200000 a 4500</leader><controlfield tag="001">9706574</controlfield><controlfield tag="008">830715c197u9999njuwr ne      0   a0eng c</controlfield><datafield ind1=" " ind2=" " tag="010"><subfield code="a">sn 83002140 </subfield></datafield><datafield ind1=" " ind2=" " tag="040"><subfield code="a">NSD</subfield><subfield code="b">eng</subfield><subfield code="c">NSD</subfield><subfield code="d">CNW</subfield><subfield code="d">NYS</subfield><subfield code="d">OCLCQ</subfield><subfield code="d">OCLCF</subfield><subfield code="d">OCLCO</subfield></datafield><datafield ind1=" " ind2=" " tag="012"><subfield code="l">1</subfield></datafield><datafield ind1="1" ind2=" " tag="022"><subfield code="a">0739-1919</subfield><subfield code="l">0739-1919</subfield><subfield code="2">1</subfield></datafield><datafield ind1="1" ind2=" " tag="029"><subfield code="a">AU@</subfield><subfield code="b">000020289107</subfield></datafield><datafield ind1=" " ind2=" " tag="037"><subfield code="b">Aquarian, P.O. Box 716, West Caldwell, NJ 07006</subfield></datafield><datafield ind1=" " ind2=" " tag="042"><subfield code="a">nsdp</subfield><subfield code="a">pcc</subfield></datafield><datafield ind1=" " ind2=" " tag="043"><subfield code="a">n-us-nj</subfield></datafield><datafield ind1="0" ind2=" " tag="130"><subfield code="a">Aquarian (Montclair, N.J.)</subfield></datafield><datafield ind1=" " ind2="0" tag="222"><subfield code="a">Aquarian</subfield><subfield code="b">(Montclair, N.J.)</subfield></datafield><datafield ind1="1" ind2="4" tag="245"><subfield code="a">The Aquarian.</subfield></datafield><datafield ind1="1" ind2="3" tag="246"><subfield code="a">Aquarian weekly</subfield></datafield><datafield ind1="1" ind2="3" tag="246"><subfield code="a">AW</subfield></datafield><datafield ind1="1" ind2="3" tag="246"><subfield code="a">Aquarian arts weekly</subfield></datafield><datafield ind1="1" ind2="3" tag="246"><subfield code="a">New York arts weekly</subfield><subfield code="f">Jan. 12, 1983-Feb. 9, 1983</subfield></datafield><datafield ind1=" " ind2=" " tag="260"><subfield code="a">Montclair, N.J. :</subfield><subfield code="b">Aquarian Pub. Co.</subfield></datafield><datafield ind1=" " ind2=" " tag="310"><subfield code="a">Weekly</subfield></datafield><datafield ind1=" " ind2=" " tag="500"><subfield code="a">Publisher: James Rensenbrink.</subfield></datafield><datafield ind1=" " ind2=" " tag="500"><subfield code="a">"A regional newspaper for a brand new time," &lt;1976&gt;.</subfield></datafield><datafield ind1=" " ind2=" " tag="500"><subfield code="a">"The weekly newspaper for New York, New Jersey and Philadelphia, ", &lt;1980&gt;.</subfield></datafield><datafield ind1=" " ind2=" " tag="525"><subfield code="a">Supplements: Night Owl &lt;1979&gt;, Saturday Night &lt;1979&gt;, Enjoy! &lt;1981&gt;.</subfield></datafield><datafield ind1=" " ind2=" " tag="530"><subfield code="a">Available on microfilm from UMI (Underground Press Collection).</subfield></datafield><datafield ind1=" " ind2=" " tag="580"><subfield code="a">Manhattan, regional and national editions &lt;1981-&gt;</subfield></datafield><datafield ind1=" " ind2=" " tag="588"><subfield code="a">Description based on: Issue no. 474 (June 8, 1983); title from cover.</subfield></datafield><datafield ind1=" " ind2="0" tag="651"><subfield code="a">Montclair (N.J.)</subfield><subfield code="v">Newspapers.</subfield></datafield><datafield ind1=" " ind2="0" tag="651"><subfield code="a">Essex County (N.J.)</subfield><subfield code="v">Newspapers.</subfield></datafield><datafield ind1=" " ind2="0" tag="651"><subfield code="a">New York (N.Y.)</subfield><subfield code="v">Newspapers.</subfield></datafield><datafield ind1=" " ind2="0" tag="651"><subfield code="a">Philadelphia (Pa.)</subfield><subfield code="v">Newspapers.</subfield></datafield><datafield ind1=" " ind2="0" tag="651"><subfield code="a">Philadelphia County (Pa.)</subfield><subfield code="v">Newspapers.</subfield></datafield><datafield ind1=" " ind2="7" tag="655"><subfield code="a">Newspapers.</subfield><subfield code="2">fast</subfield><subfield code="0">(OCoLC)fst01423814</subfield></datafield><datafield ind1=" " ind2="7" tag="651"><subfield code="a">New Jersey</subfield><subfield code="z">Essex County.</subfield><subfield code="2">fast</subfield><subfield code="0">(OCoLC)fst01229131</subfield></datafield><datafield ind1=" " ind2="7" tag="651"><subfield code="a">New Jersey</subfield><subfield code="z">Montclair.</subfield><subfield code="2">fast</subfield><subfield code="0">(OCoLC)fst01205339</subfield></datafield><datafield ind1=" " ind2="7" tag="651"><subfield code="a">New York (State)</subfield><subfield code="z">New York.</subfield><subfield code="2">fast</subfield><subfield code="0">(OCoLC)fst01204333</subfield></datafield><datafield ind1=" " ind2="7" tag="651"><subfield code="a">Pennsylvania</subfield><subfield code="z">Philadelphia.</subfield><subfield code="2">fast</subfield><subfield code="0">(OCoLC)fst01204170</subfield></datafield><datafield ind1=" " ind2="7" tag="651"><subfield code="a">Pennsylvania</subfield><subfield code="z">Philadelphia County.</subfield><subfield code="2">fast</subfield><subfield code="0">(OCoLC)fst01217128</subfield></datafield><datafield ind1=" " ind2=" " tag="752"><subfield code="a">United States</subfield><subfield code="b">New Jersey</subfield><subfield code="c">Essex</subfield><subfield code="d">Montclair.</subfield></datafield><datafield ind1="0" ind2=" " tag="776"><subfield code="c">Microfilm</subfield><subfield code="d">UMI</subfield><subfield code="k">Underground newspaper collection</subfield><subfield code="k">Underground press collection</subfield><subfield code="w">(OCoLC)43009493</subfield></datafield><datafield ind1="0" ind2="0" tag="780"><subfield code="t">Free Aquarian</subfield><subfield code="w">(DLC)sn 94053350</subfield><subfield code="w">(OCoLC)31414533</subfield></datafield><datafield ind1="0" ind2="0" tag="785"><subfield code="t">Aquarian arts weekly</subfield><subfield code="g">&lt;1985-&gt;</subfield></datafield><datafield ind1="0" ind2="0" tag="785"><subfield code="t">East coast rocker</subfield></datafield><datafield ind1=" " ind2=" " tag="936"><subfield code="a">June 8, 1983</subfield></datafield></record>